% This is the references.bib file.
% You can get BibTeX entries from Google Scholar or the paper's digital library page.

@article{key1,
  author    = {First Author, A. and Second Author, B.},
  title     = {Title of the First Research Paper},
  journal   = {Journal of Important Studies},
  year      = {2021},
  volume    = {10},
  number    = {2},
  pages     = {100--120},
}

@inproceedings{key2,
  author    = {Researcher, C. and Collaborator, D.},
  title     = {A New Method for Solving an Interesting Problem},
  booktitle = {Proceedings of the International Conference on Groundbreaking Research},
  year      = {2022},
  pages     = {45--55},
  address   = {City, Country},
}

@book{key3,
  author    = {Expert, E. F.},
  title     = {The Definitive Book on the Subject},
  publisher = {Academic Press},
  year      = {2020},
  address   = {New York, NY},
}